

@book{sartre1984ser,
  title={{El ser y la nada}},
  author={Sartre, J.P. and Valmar, J.},
  year={1984},
  publisher={Alianza Editorial}
}

@misc{paupfc,
	title = {Quick deployment network using {MANET}},
	author = {Escrich, Pau},
	month = {January},
	year = {2012},
	note = {Degree thesis}
}

@article{huynhsimulation,
  title={SIMULATION AND ANALYSIS OF WIRELESS MESH NETWORK IN ADVANCED METERING INFRASTRUCTURE},
  author={Huynh, Philip}
}

@article{WMNs,
author = {Hassen A.  Mogaibel and Mohamed Othman and Shamala Subramaniam and Nor Asilah Wati Abdul Hamid},
title  = {Wireless Mesh Networks - Efficient Link Scheduling, Channel Assignment and Network Planning Strategies},
year  = {2012-08-14},
doi  = {},
url  = {http://www.intechopen.com/books/export/citation/BibTex/wireless-mesh-networks-efficient-link-scheduling-channel-assignment-and-network-planning-strategies/high-throughput-path-establishment-for-common-traffic-in-wireless-mesh-networks}
}
	
